%% LaTeX2e file `Tolstoy_Griggs.bib'
%% generated by the `filecontents' environment
%% from source `Tolstoy_Griggs' on 2014/01/04.
%%
@book{tolstoy,
  year={1996},
  author={Tolstoy, Leo},
  editor={Gibian, George},
  title={War and Peace: The Maude Translation, Backgrounds and Sources, Criticism.},
  series={},
  volume={},
  address={New York},
  publisher={Norton},
  flanguage={Language},
  translator={Maude, Louise and Aylmer Maude}}
